<record xmlns="http://www.loc.gov/MARC21/slim" xmlns:xsi="http://www.w3.org/2001/XMLSchema-instance" xsi:schemaLocation="http://www.loc.gov/MARC21/slim http://www.loc.gov/standards/marcxml/schema/MARC21slim.xsd"><leader>     nam a22        4500</leader><controlfield tag="001">3068364</controlfield><controlfield tag="003">NNC</controlfield><controlfield tag="006">m        d        </controlfield><controlfield tag="007">cr cn |||m|||a</controlfield><controlfield tag="008">150313s1954    le      o     000 0 ara d</controlfield><datafield ind1=" " ind2=" " tag="040"><subfield code="a">NNU</subfield><subfield code="b">eng</subfield><subfield code="c">NNU</subfield></datafield><datafield ind1=" " ind2="4" tag="050"><subfield code="a">PJ7503</subfield><subfield code="b">.N8 1954</subfield></datafield><datafield ind1="1" ind2=" " tag="100"><subfield code="a">Nu&#699;aymah, Mi&#772;kha&#772;&#700;i&#772;l,</subfield><subfield code="d">1889-1988.</subfield></datafield><datafield ind1="1" ind2="0" tag="245"><subfield code="a">Fi&#772; al-adab al-&#699;Arabi&#772; al-h&#803;adith</subfield><subfield code="h">[electronic resource] /</subfield><subfield code="c">bi-qalam Mi&#772;kha&#772;&#700;i&#772;l Nu&#699;a&#772;ymah, Ibra&#772;hi&#772;m al-&#699;Ari&#772;d&#803;, Mah&#803;mu&#772;d Taymu&#772;r, Jibra&#772;&#700;i&#772;l Jabu&#772;r ; ashrafa &#699;ala&#769; ikhra&#772;jihi hay&#700;at al-dira&#772;sa&#772;t al-&#699;Arabi&#772;yah fi&#772; al-Ja&#772;mi&#699;ah al-Ami&#772;riki&#772;yah &#699;an majallat al-Abh&#803;a&#772;th al-&#699;adad al-tha&#772;ni&#772; min al-sanah al-sa&#772;bi&#699;ah.</subfield></datafield><datafield ind1=" " ind2=" " tag="260"><subfield code="a">Bairu&#772;t :</subfield><subfield code="b">al-Ja&#772;mi&#699;ah al-Ami&#772;riki&#772;yah,</subfield><subfield code="c">1954.</subfield></datafield><datafield ind1=" " ind2=" " tag="300"><subfield code="a">online resource (111 p.)</subfield></datafield><datafield ind1=" " ind2=" " tag="500"><subfield code="a">Part of the Arabic Collections Online (ACO) project, contributed by Columbia University Libraries.</subfield></datafield><datafield ind1=" " ind2=" " tag="533"><subfield code="a">Electronic reproduction.</subfield><subfield code="b">New York, N.Y. :</subfield><subfield code="c">New York University,</subfield><subfield code="d">2015.</subfield><subfield code="5">NNU</subfield></datafield><datafield ind1=" " ind2="0" tag="650"><subfield code="a">Arabic literature, Modern.</subfield></datafield><datafield ind1="2" ind2=" " tag="710"><subfield code="a">Columbia University.</subfield><subfield code="b">Libraries.</subfield></datafield><datafield ind1="0" ind2=" " tag="730"><subfield code="a">Arabic Collections Online.</subfield></datafield><datafield ind1="0" ind2="8" tag="776"><subfield code="i">Print version:</subfield><subfield code="a">Nu&#699;aymah, Mi&#772;kha&#772;&#700;i&#772;l, 1889-1988.</subfield><subfield code="t">Fi&#772; al-adab al-&#699;Arabi&#772; al-h&#803;adith</subfield><subfield code="w">(NNC)3068364</subfield><subfield code="w">(OCoLC)316075612</subfield></datafield><datafield ind1="4" ind2="0" tag="856"><subfield code="u">http://hdl.handle.net/2333.1/4tmpg6sm</subfield></datafield><datafield ind1=" " ind2=" " tag="959"><subfield code="a">NNU</subfield><subfield code="b">WEB</subfield><subfield code="c">GENI</subfield><subfield code="t">0</subfield><subfield code="m">Electronic access</subfield><subfield code="s">01</subfield></datafield><datafield ind1=" " ind2=" " tag="999"><subfield code="i">NNC_3068364</subfield><subfield code="o">(OCoLC)ocn316075612</subfield><subfield code="s">columbia_aco000500</subfield><subfield code="e">(ERROR-880)</subfield></datafield></record>